<?xml version="1.0" encoding="UTF-8"?><collection xmlns="http://www.loc.gov/MARC21/slim"><record><leader>00526nam--2200121-i-4500</leader><controlfield tag="001">000019316</controlfield><controlfield tag="002">20161230</controlfield><controlfield tag="005">20161230201033</controlfield><controlfield tag="008">060222s1000------------r-----000-0-eng-d</controlfield><datafield ind1=" " ind2=" " tag="080"><subfield code="a">621.375.826:061.3</subfield></datafield><datafield ind1=" " ind2=" " tag="245"><subfield code="a">Engineering proceedings p-46.lasers technology :welding, machining and safety. papers presented at the engineering seminar on new industrial technology at the pennsylvania state university, july 7-9, 1969</subfield></datafield><datafield ind1=" " ind2=" " tag="260"><subfield code="a">University Park, Pennsylvania State University, College Of Engineering, 1970. 153 P</subfield></datafield><datafield ind1=" " ind2=" " tag="852"><subfield code="a">36292</subfield></datafield></record></collection>